%% This BibTeX bibliography file was created using BibDesk.
%% http://bibdesk.sourceforge.net/


%% Created for Andrei Antonenko at 2018-02-12 23:03:04 -0500 


%% Saved with string encoding Unicode (UTF-8) 



@article{Becker:2009,
	Author = {Kara Becker},
	Date-Added = {2018-02-13 04:01:50 +0000},
	Date-Modified = {2018-02-13 04:03:03 +0000},
	Journal = {Journal of Sociolinguistics},
	Number = {5},
	Pages = {634--658},
	Title = {{/r/} and the construction of place identity on {New York City}'s {L}ower {E}ast {S}ide},
	Volume = {13},
	Year = {2009}}

@misc{Fuhgeddaboudit:2015,
	Author = {NPR},
	Date-Added = {2018-01-31 16:18:46 +0000},
	Date-Modified = {2018-01-31 16:23:22 +0000},
	Title = {Fuhgeddaboudit: {New York} Accent On Its Way Out, Linguists Say},
	Url = {https://www.npr.org/2015/02/02/383289958/fuhgeddaboudit-new-york-accent-on-its-way-out-linguists-say},
	Year = {2015},
	Bdsk-Url-1 = {https://www.npr.org/2015/02/02/383289958/fuhgeddaboudit-new-york-accent-on-its-way-out-linguists-say}}

@book{Labov:2006,
	Author = {William Labov},
	Date-Added = {2018-01-30 18:57:29 +0000},
	Date-Modified = {2018-01-30 18:58:13 +0000},
	Edition = {2nd edition},
	Publisher = {Cambridge University Press},
	Title = {The Social Stratification of {E}nglish in {N}ew {Y}ork {C}ity},
	Year = {2006}}

@book{Labov:1966,
	Author = {William Labov},
	Date-Added = {2018-01-30 18:53:27 +0000},
	Date-Modified = {2018-01-30 18:57:27 +0000},
	Publisher = {Center for Applied Linguistics},
	Title = {The Social Stratification of {E}nglish in {N}ew {Y}ork {C}ity},
	Year = {1966}}

@book{Babbitt:1896,
	Author = {Eugene Howard Babbitt},
	Date-Added = {2018-01-30 18:49:53 +0000},
	Date-Modified = {2018-01-30 18:51:12 +0000},
	Publisher = {American Dialect Society},
	Series = {Dialect Notes},
	Title = {The {E}nglish pronunciation of the lower classes in {New York} and vicinity},
	Year = {1896}}

@article{FridlandBartless:2006,
	Author = {Valerie Fridland and Kathryn Bartlett},
	Date-Added = {2018-01-30 18:44:55 +0000},
	Date-Modified = {2018-01-30 18:46:09 +0000},
	Journal = {American Speech},
	Number = {4},
	Pages = {358--386},
	Title = {Correctness, Pleasantness, and Degree of Difference Ratings across Regions},
	Volume = {81},
	Year = {2006}}

@article{Becker:2014,
	Author = {Kara Becker},
	Date-Added = {2018-01-30 18:43:00 +0000},
	Date-Modified = {2018-01-30 18:44:18 +0000},
	Journal = {Language in Society},
	Pages = {395--420},
	Title = {The social motivations of reversal: {R}aised \textsc{bought} in {New York City English}},
	Volume = {43},
	Year = {2014}}
